%%%%%%%%%%%%%%%%%%%%%%%%%%%%%%%%%%%%%%%%%%%%%%%%%%%%%%%%%%%%%%%%%%%
%% [ Introduction ]

%%%%%%%%%%%%%%%%%%%%%%%%%%%%%%%%%%%%%%%%%%%%%%%%%%%%%%%%%%%%%%%%%%%%%%%%%%%%%%%%%%%%%%%%%%%%%%%%%%%%
%% [ MC samples ]
%---------------------------------------------------------------------------------------------------
%Tuning

%% Anti-kt alg'
@techreport{ATL-PHYS-PUB-2014-008,
      title         = "{Comparison of Monte Carlo generator predictions for
                       bottom and charm hadrons in the decays of top quarks and
                       the fragmentation of high pT jets}",
      institution   = "CERN",
      address       = "Geneva",
      number        = "ATL-PHYS-PUB-2014-008",
      month         = "Jun",
      year          = "2014",
      reportNumber  = "ATL-PHYS-PUB-2014-008",
      url           = "https://cds.cern.ch/record/1709132",
}

@article{Sherpa,
      author         = "Gleisberg, T. and Hoeche, Stefan. and Krauss, F. and
                        Schonherr, M. and Schumann, S. and others",
      title          = "{Event generation with SHERPA 1.1}",
      journal        = "JHEP",
      volume         = "0902",
      pages          = "007",
      doi            = "10.1088/1126-6708/2009/02/007",
      year           = "2009",
      eprint         = "0811.4622",
      archivePrefix  = "arXiv",
      primaryClass   = "hep-ph",
      reportNumber   = "FERMILAB-PUB-08-477-T, SLAC-PUB-13420, ZU-TH-17-08,
                        DCPT-08-138, IPPP-08-69, EDINBURGH-2008-30, MCNET-08-14",
      SLACcitation   = "%%CITATION = ARXIV:0811.4622;%%",
}


@article{Buckley:2011ms,
      author         = "Buckley, Andy and Butterworth, Jonathan and Gieseke,
                        Stefan and Grellscheid, David and Hoche, Stefan and
                        others",
      title          = "{General-purpose event generators for LHC physics}",
      journal        = "Phys.Rept.",
      volume         = "504",
      pages          = "145-233",
      doi            = "10.1016/j.physrep.2011.03.005",
      year           = "2011",
      eprint         = "1101.2599",
      archivePrefix  = "arXiv",
      primaryClass   = "hep-ph",
      reportNumber   = "CAVENDISH-HEP-10-21, CERN-PH-TH-2010-298, DCPT-10-202,
                        HD-THEP-10-24, IPPP-10-101, KA-TP-40-2010, LU-TP-10-28,
                        MAN-HEP-2010-23, MCNET-11-01, SLAC-PUB-14333",
      SLACcitation   = "%%CITATION = ARXIV:1101.2599;%%",
}



@article{BELLE,
      title          = "{Charm hadrons from fragmentation and B decays in e+ e-
                        annihilation at s**(1/2) = 10.6-GeV}",
      collaboration  = "Belle",
      journal        = "Phys.Rev.",
      volume         = "D73",
      doi            = "10.1103/PhysRevD.73.032002",
      year           = "2006",
}
@article{SLD,
      title          = "{Measurement of the b quark fragmentation function in Z0
                        decays}",
      collaboration  = "SLD",
      journal        = "Phys.Rev.",
      volume         = "D65",
      doi            = "10.1103/PhysRevD.66.079905, 10.1103/PhysRevD.65.092006",
      year           = "2002",
}
@article{ALEPH,
      title          = "{Study of the fragmentation of b quarks into B mesons at
                        the Z peak}",
      collaboration  = "ALEPH",
      journal        = "Phys.Lett.",
      volume         = "B512",
      doi            = "10.1016/S0370-2693(01)00690-6",
      year           = "2001",
}
@article{CLEO,
      title          = "{Charm meson spectra in $e^{+} e^{-}$ annihilation at
                        10.5-GeV c.m.e.}",
      collaboration  = "CLEO",
      journal        = "Phys.Rev.",
      volume         = "D70",
      doi            = "10.1103/PhysRevD.70.112001",
      year           = "2004",
}
@article{DELPHI,
      title          = "{A study of the b-quark fragmentation function with the
                        DELPHI detector at LEP I and an averaged distribution
                        obtained at the Z Pole}",
      collaboration  = "DELPHI",
      journal        = "Eur.Phys.J.",
      volume         = "C71",
      doi            = "10.1140/epjc/s10052-011-1557-x",
      year           = "2011",
}
@article{Cacciari:2008gp,
	      author         = "{M. Cacciari, G. P. Salam and G. Soyez}",
	      title          = "{The Anti-$k_{t}$ jet clustering algorithm}",
	      journal        = "JHEP",
	      volume         = "0804",
	      year           = "2008",
	}
    @article{PDGMC,
  title = "{Review of Particle Physics, Monte Carlo Event Generators}",
  author = "{Particle Data Group}",
  journal = "{Phys. Rev. D}",
  volume = "{86}",
  issue = "{1}",
  year = "{2012}",
}

  @article{PhysRevD.86.010001,
  title = "{Review of Particle Physics}",
  author = "{Particle Data Group}",
  journal = "{Phys. Rev. D}",
  volume = "{86}",
  issue = "{1}",
  year = "{2012}",
}
@unpublished{evtgen,
  added-at = "{2009-08-18T13:17:51.000+0200}",
  author = "{C. Lange et al.}",
  biburl = "{http://www.bibsonomy.org/bibtex/29da9494110d91632197d3e2a365b0c5e/hajadda}",
  interhash = "{86fc565c9c7fb6f29515ee674d0337b9}",
  intrahash = "{9da9494110d91632197d3e2a365b0c5e}",
  keywords = "{imported}",
  note = "{{in Proceedings of CHEP}}",
  timestamp = "{2009-08-18T13:17:51.000+0200}",
  title = "{{The EvtGen Event Generator Package}}",
  year = 1998
}
@article{r:ffrac,
Author = {E. Lohrmann},
Title = {A Summary of Charm Hadron Production Fractions},
Year = {2011},
Eprint = {arXiv:1112.3757},
}


@article{lhcb-lam,
      author         = "Aaij, R. and others",
      title          = "{Measurement of $b$-hadron production fractions in
                        7 TeV $pp$ collisions}",
      collaboration  = "{LHCb}",
      journal        = "Phys.Rev.",
      volume         = "D85",
      pages          = "032008",
      year           = "2012",
}

@article{lhcb-fsfb,
      collaboration = "{LHCb}",
      title         = "{Updated average $f_s/f_d$ $b$-hadron production fraction
                       ratio for 7 TeV $pp$ collisions}",
      year          = "2013",
      journal         = "{{\tt https://cds.cern.ch/record/1559262},~LHCb-CONF-2013-011}",
      note            = ""
}

@article{fastjet,
Author = {Matteo Cacciari and Gavin P. Salam and Gregory Soyez},
Title = {FastJet user manual},
Year = {2011},
Eprint = {arXiv:1111.6097},
}
@article{antikt,
        author         = "{M. Cacciari, G. P. Salam and G. Soyez}",
        title          = "{The Anti-$k_{t}$ jet clustering algorithm}",
        journal        = "JHEP",
        volume         = "0804",
        year           = "2008",
  }


@Article{Golonka:2005pn,
     author    = "Golonka, P. and Was, Z.",
     title     = "{PHOTOS Monte Carlo: A Precision tool for QED corrections
                  in $Z$ and $W$ decays}",
     journal   = "Eur. Phys. J.",
     volume    = "C 45",
     year      = "2006",
}







@article{lhapdf,
      author         = "Bourilkov, D and Group, R C and Whalley, M R",
      title          = "{LHAPDF: PDF use from the Tevatron to the LHC}",
      year           = "2006",
      eprint         = "hep-ph/0605240",
      archivePrefix  = "arXiv",
      SLACcitation   = "%%CITATION = HEP-PH/0605240;%%",
}

@article{Nason:2004rx,
      author         = "Nason, P.",
      title          = "{A new method for combining NLO QCD with shower Monte
                        Carlo algorithms}",
      journal        = "JHEP",
      volume         = "11",
      doi            = "10.1088/1126-6708/2004/11/040",
      year           = "2004",
}

@article{Frixione:2007vw,
      author         = "Frixione, S. and Nason, P. and Oleari, C.",
      title          = "{Matching NLO QCD computations with Parton Shower
                        simulations: the POWHEG method}",
      journal        = "JHEP",
      volume         = "11",
      doi            = "10.1088/1126-6708/2007/11/070",
      year           = "2007",
}

@article{Alioli:2010xd,
      author         = "Alioli, S. and Nason, P. and Oleari, C. and Re,
                        E.",
      title          = "{A general framework for implementing NLO calculations in
                        shower Monte Carlo programs: the POWHEG BOX}",
      journal        = "JHEP",
      volume         = "06",
      doi            = "10.1007/JHEP06(2010)043",
      year           = "2010",
}

@article{Alioli:2008gx,
      author         = "Alioli, S. and Nason, P. and Oleari, C. and Re,
                        E.",
      title          = "{NLO vector-boson production matched with shower in
                        POWHEG}",
      journal        = "JHEP",
      volume         = "07",
      doi            = "10.1088/1126-6708/2008/07/060",
      year           = "2008",
}

@article{Sjostrand:2006za,
      author         = "Sjostrand, T. and Mrenna, S. and Skands, P.
                        Z.",
      title          = "{PYTHIA 6.4 Physics and Manual}",
      journal        = "JHEP",
      volume         = "05",
      doi            = "10.1088/1126-6708/2006/05/026",
      year           = "2006",
}       
	
@article{Frixione:2002ik,
      author         = "Frixione, S. and Webber, B. R.",
      title          = "{Matching NLO QCD computations and parton shower
                        simulations}",
      journal        = "JHEP",
      volume         = "06",
      doi                ="10.1088/1126-6708/2002/06/029",
      year           = "2002",
}

@article{Corcella:2002jc,
      author         = "Corcella, G. and others",
      title          = "{HERWIG 6.5 release note}",
      year           = "2002",
      eprint         = "hep-ph/0210213",
      archivePrefix  = "arXiv",
      reportNumber   = "CAVENDISH-HEP-02-17, DAMTP-2002-124, KEK-TH-850,
                        MPI-PHT-2002-55, CERN-TH-2002-270, IPPP-02-58,
                        MC-TH-2002-7",
      SLACcitation   = "%%CITATION = HEP-PH/0210213;%%",
}


@article{Butterworth:1996zw,
      author         = "Butterworth, J. M. and Forshaw, J. R. and Seymour,
                        M. H.",
      title          = "{Multiparton interactions in photoproduction at HERA}",
      journal        = "Z. Phys.",
      volume         = "C 72",
      doi            = "10.1007/s002880050286",
      year           = "1996",
}
  




@article{Bahr:2008pv,
      author         = "Bahr, M. and others",
      title          = "{Herwig++ Physics and Manual}",
      journal        = "Eur. Phys. J.",
      volume         = "C 58",
      doi            = "10.1140/epjc/s10052-008-0798-9",
      year           = "2008",
}



@article{Cacciari:2011hy,
      author         = "Cacciari, Matteo and Czakon, Michal and Mangano,
                        Michelangelo and Mitov, Alexander and Nason, Paolo",
      title          = "{Top-pair production at hadron colliders with
                        next-to-next-to-leading logarithmic soft-gluon
                        resummation}",
      journal        = "Phys. Lett.",
      volume         = "B 710",
}

@article{Sjostrand:2007gs,
      author         = "Sjostrand, Torbjorn and Mrenna, Stephen and Skands, Peter
                        Z.",
      title          = "{A Brief Introduction to PYTHIA 8.1}",
      journal        = "Comput.Phys.Commun.",
      volume         = "178",
      doi            = "10.1016/j.cpc.2008.01.036",
      year           = "2008",
}

@article{Skands:2010ak,
      author         = "Skands, Peter Zeiler",
      title          = "{Tuning Monte Carlo Generators: The Perugia Tunes}",
      journal        = "Phys.Rev.",
      volume         = "D82",
      doi            = "10.1103/PhysRevD.82.074018",
      year           = "2010",
}

@article{Lai:2010vv,
      author         = "Lai, H.-L. and others",
      title          = "{New parton distributions for collider physics}",
      journal        = "Phys.Rev.",
      volume         = "D82",
      doi            = "10.1103/PhysRevD.82.074024",
      year           = "2010",
}


@article{ATL-PHYS-PUB-2012-003,
      collaboration = "{ATLAS}",
      title        = "{Summary of ATLAS Pythia 8 tunes}",
      note      = "ATL-PHYS-PUB-2012-003\\
 \texttt{https://cdsweb.cern.ch/record/1474107}
"
}

@article{bib:antikt2,
      author         = "Cacciari, M. and Salam, G. P. and Soyez, G.",
      title          = "{The Anti-k(t) jet clustering algorithm}",
      journal        = "JHEP",
      volume         = "04",
      doi            = "10.1088/1126-6708/2008/04/063",
      year           = "2008",
}

@article{bib:antikt3,
      author         = "Cacciari, M. and Salam, G. P.",
      title          = "{Dispelling the $N^{3}$ myth for the $k_t$ jet-finder}",
      journal        = "Phys. Lett.",
      volume         = "B 641",
      doi            = "10.1016/j.physletb.2006.08.037",
      year           = "2006",
}


@article{Seymour:2013qka,
      author         = "Seymour, Michael H. and Siodmok, Andrzej",
      title          = "{Constraining MPI models using $\sigma_{eff}$ and recent
                        Tevatron and LHC Underlying Event data}",
      journal        = "JHEP",
      volume         = "1310",
      doi            = "10.1007/JHEP10(2013)113",
      year           = "2013",
}


@article{herwigpp-tunes,
      author = "HPP",
      title        = "{Minimum-bias and underlying-event tunes}",
      note      = "Minimum-bias and underlying-event tunes\\
 \texttt{https://herwig.hepforge.org/trac/wiki/MB_UE_tunes}
",
      month        = "",
      year         = "",
}

@article{ATL-PHYS-PUB-2011-008,
      collaboration = "ATLAS",
      title        = "{New ATLAS event generator tunes to 2010 data}",
      note      = "ATL-PHYS-PUB-2011-008\\
 \texttt{https://cds.cern.ch/record/1345343}"
}

@article{Marchesini:1989yk,
      author         = "Marchesini, G. and Webber, B.R.",
      title          = "{Simulation of {QCD} Coherence in Heavy Quark Production
                        and Decay}",
      journal        = "Nucl.Phys.",
      volume         = "B330",
      year           = "1990",
}

@article{Karneyeu:2013aha,
      author         = "Karneyeu, A. and Mijovic, L. and Prestel, S. and Skands,
                        P.Z.",
      title          = "{MCPLOTS: a particle physics resource based on volunteer
                        computing}",
      journal        = "Eur.Phys.J.",
      volume         = "C74",
      year           = "2014",
}


@article{Aad:2013fba,
      author         = "Aad, Georges and others",
      title          = "{Measurement of jet shapes in top-quark pair events at
                        $\sqrt{s}$ = 7 TeV using the ATLAS detector}",
      collaboration  = "ATLAS Collaboration",
      journal        = "Eur.Phys.J.",
      volume         = "C73",
      year           = "2013",
}

@article{Bowler:1981sb,
      author         = "Bowler, M.G.",
      title          = "{e+ e- Production of Heavy Quarks in the String Model}",
      journal        = "Z.Phys.",
      volume         = "C11",
      year           = "1981",
}
