%https://twiki.cern.ch/twiki/bin/view/AtlasProtected/PubComUsefulBibTex
1203.5015
@inproceedings{Sjostrand:2009ad,
      author         = "Sjostrand, Torbjorn",
      title          = "{Monte Carlo Tools}",
      booktitle      = "{Proceedings, 65th Scottish Universities Summer School in
                        Physics: LHC Physics (SUSSP65)}",
      url            = "https://inspirehep.net/record/838269/files/arXiv:0911.5286.pdf",
      year           = "2009",
      pages          = "309-339",
      eprint         = "0911.5286",
      archivePrefix  = "arXiv",
      primaryClass   = "hep-ph",
      reportNumber   = "LU-TP-09-31, MCNET-09-17",
      SLACcitation   = "%%CITATION = ARXIV:0911.5286;%%"
}
@article{susy,
      author         = "Martin, Stephen P.",
      title          = "{A Supersymmetry primer}",
      year           = "1997",
      doi            = "10.1142/9789812839657_0001, 10.1142/9789814307505_0001",
      note           = "[Adv. Ser. Direct. High Energy Phys.18,1(1998)]",
      eprint         = "hep-ph/9709356",
      archivePrefix  = "arXiv",
      primaryClass   = "hep-ph",
      reportNumber   = "FERMILAB-PUB-97-425-T",
      SLACcitation   = "%%CITATION = HEP-PH/9709356;%%"
}
@book{halzen1984quarks,
  title={Quarks and leptons: an introductory course in modern particle physics},
  author={Halzen, F. and Martin, A.D.},
  lccn={83014649},
  url={https://books.google.com/books?id=zwDvAAAAMAAJ},
  year={1984},
  publisher={Wiley}
}

@article{Czakon:2013goa,
      author         = "Czakon, Michał and Fiedler, Paul and Mitov, Alexander",
      title          = "{Total Top-Quark Pair-Production Cross Section at Hadron
                        Colliders Through $O(α\frac{4}{S})$}",
      journal        = "Phys.Rev.Lett.",
      volume         = "110",
      pages          = "252004",
      doi            = "10.1103/PhysRevLett.110.252004",
      year           = "2013",
      eprint         = "1303.6254",
      archivePrefix  = "arXiv",
      primaryClass   = "hep-ph",
      reportNumber   = "CERN-PH-TH-2013-056, TTK-13-08",
      SLACcitation   = "%%CITATION = ARXIV:1303.6254;%%",
}
@techreport{ATLAS-CONF-2015-009,
      title         = "{A search for $\mathbf{t\bar{t}}$ resonances using lepton
                       plus jets events in proton-proton collisions at $\sqrt{s} =
                       8$ TeV with the ATLAS detector}",
      institution   = "CERN",
      address       = "Geneva",
      number        = "ATLAS-CONF-2015-009",
      month         = "Mar",
      year          = "2015",
      reportNumber  = "ATLAS-CONF-2015-009",
      url           = "https://cds.cern.ch/record/2002440",
}
@article{Aad:2014kra,
      author         = "Aad, Georges and others",
      title          = "{Search for top squark pair production in final states
                        with one isolated lepton, jets, and missing transverse
                        momentum in $\sqrt s =$8 TeV $pp$ collisions with the
                        ATLAS detector}",
      collaboration  = "ATLAS",
      journal        = "JHEP",
      volume         = "1411",
      pages          = "118",
      doi            = "10.1007/JHEP11(2014)118",
      year           = "2014",
      eprint         = "1407.0583",
      archivePrefix  = "arXiv",
      primaryClass   = "hep-ex",
      reportNumber   = "CERN-PH-EP-2014-143",
      SLACcitation   = "%%CITATION = ARXIV:1407.0583;%%",
}
@article{ATLAS:2014wva,
      key            = "1286320",
      title          = "{First combination of Tevatron and LHC measurements of
                        the top-quark mass}",
      collaboration  = "ATLAS, CDF, CMS, D0",
      year           = "2014",
      eprint         = "1403.4427",
      archivePrefix  = "arXiv",
      primaryClass   = "hep-ex",
      reportNumber   = "ATLAS-CONF-2014-008, CDF-NOTE-11071, CMS-PAS-TOP-13-014,
                        D0-NOTE-6416, FERMILAB-TM-2582-E",
      SLACcitation   = "%%CITATION = ARXIV:1403.4427;%%",
}
@article{Lillie:2007yh,
      author         = "Lillie, Ben and Randall, Lisa and Wang, Lian-Tao",
      title          = "{The Bulk RS KK-gluon at the LHC}",
      journal        = "JHEP",
      volume         = "0709",
      pages          = "074",
      doi            = "10.1088/1126-6708/2007/09/074",
      year           = "2007",
      eprint         = "hep-ph/0701166",
      archivePrefix  = "arXiv",
      primaryClass   = "hep-ph",
      reportNumber   = "ANL-HEP-07-4",
      SLACcitation   = "%%CITATION = HEP-PH/0701166;%%",
}
@book{peskin,
   title = "An introduction to quantum field theory",
   author = "Peskin, Michael Edward and Schroeder, Daniel V.",
   publisher = "Westview Press Reading (Mass.)",
   address = "Boulder (Colo.)",
   isbn = "0-201-50934-2",
   year = 1995
}
@Article{PDG,
 author        = "K.A. Olive and others",
 collaboration = "Particle Data Group",
 title         = "Review of Particle Physics",
 journal       = "Chin.Phys.",
 volume        = "C38",
 pages         = "090001",
 year          = "2014",
 doi           = "10.1088/1674-1137/38/9/090001",
}
@article{Abe:1995hr,
      author         = "Abe, F. and others",
      title          = "{Observation of top quark production in $\bar{p}p$
                        collisions}",
      collaboration  = "CDF",
      journal        = "Phys.Rev.Lett.",
      volume         = "74",
      pages          = "2626-2631",
      doi            = "10.1103/PhysRevLett.74.2626",
      year           = "1995",
      eprint         = "hep-ex/9503002",
      archivePrefix  = "arXiv",
      primaryClass   = "hep-ex",
      reportNumber   = "FERMILAB-PUB-95-022-E, CDF-PUB-TOP-PUBLIC-3040,
                        ANL-HEP-PR-95-44",
      SLACcitation   = "%%CITATION = HEP-EX/9503002;%%",
}
@article{Abachi:1995iq,
      author         = "Abachi, S. and others",
      title          = "{Observation of the top quark}",
      collaboration  = "D0",
      journal        = "Phys.Rev.Lett.",
      volume         = "74",
      pages          = "2632-2637",
      doi            = "10.1103/PhysRevLett.74.2632",
      year           = "1995",
      eprint         = "hep-ex/9503003",
      archivePrefix  = "arXiv",
      primaryClass   = "hep-ex",
      reportNumber   = "FERMILAB-PUB-95-028-E",
      SLACcitation   = "%%CITATION = HEP-EX/9503003;%%",
}

@article{Campbell:2006wx,
      author         = "Campbell, John M. and Huston, J.W. and Stirling, W.J.",
      title          = "{Hard Interactions of Quarks and Gluons: A Primer for LHC
                        Physics}",
      journal        = "Rept.Prog.Phys.",
      volume         = "70",
      pages          = "89",
      doi            = "10.1088/0034-4885/70/1/R02",
      year           = "2007",
      eprint         = "hep-ph/0611148",
      archivePrefix  = "arXiv",
      primaryClass   = "hep-ph",
      SLACcitation   = "%%CITATION = HEP-PH/0611148;%%",
}
@article{ghostmatch,
      author         = "Cacciari, Matteo and Salam, Gavin P. and Soyez, Gregory",
      title          = "{The Catchment Area of Jets}",
      journal        = "JHEP",
      volume         = "0804",
      pages          = "005",
      doi            = "10.1088/1126-6708/2008/04/005",
      year           = "2008",
      eprint         = "0802.1188",
      archivePrefix  = "arXiv",
      primaryClass   = "hep-ph",
      reportNumber   = "LPTHE-07-02",
      SLACcitation   = "%%CITATION = ARXIV:0802.1188;%%",
}
@Misc{scipy,
  author =    {Eric Jones and Travis Oliphant and Pearu Peterson and others},
  title =     {{SciPy}: Open source scientific tools for {Python}},
  year =      {2001--},
  url = "http://www.scipy.org/"
}
@article{DAgostini:1994zf,
      author         = "D'Agostini, G.",
      title          = "{A Multidimensional unfolding method based on Bayes'
                        theorem}",
      journal        = "Nucl. Instrum. Meth.",
      volume         = "A362",
      year           = "1995",
      pages          = "487-498",
      doi            = "10.1016/0168-9002(95)00274-X",
      reportNumber   = "DESY-94-099",
      SLACcitation   = "%%CITATION = NUIMA,A362,487;%%"
}
@techreport{lhcenergy,
      author        = "Wenninger, J",
      title         = "{Energy Calibration of the LHC Beams at 4 TeV}",
      institution   = "CERN",
      address       = "Geneva",
      number        = "CERN-ATS-2013-040",
      month         = "May",
      year          = "2013",
}
@article{gapfraction,
      author         = "Aad, Georges and others",
      title          = "{Measurement of $t \bar{t}$ production with a veto on
                        additional central jet activity in pp collisions at
                        sqrt(s) = 7 TeV using the ATLAS detector}",
      collaboration  = "ATLAS Collaboration",
      journal        = "Eur.Phys.J.",
      volume         = "C72",
      pages          = "2043",
      doi            = "10.1140/epjc/s10052-012-2043-9",
      year           = "2012",
      eprint         = "1203.5015",
      archivePrefix  = "arXiv",
      primaryClass   = "hep-ex",
      reportNumber   = "CERN-PH-EP-2012-062",
      SLACcitation   = "%%CITATION = ARXIV:1203.5015;%%",
}
@article{higgs,
      author         = "Aad, Georges and others",
      title          = "{Observation of a new particle in the search for the
                        Standard Model Higgs boson with the ATLAS detector at the
                        LHC}",
      collaboration  = "ATLAS",
      journal        = "Phys. Lett.",
      volume         = "B716",
      year           = "2012",
      pages          = "1-29",
      doi            = "10.1016/j.physletb.2012.08.020",
      eprint         = "1207.7214",
      archivePrefix  = "arXiv",
      primaryClass   = "hep-ex",
      reportNumber   = "CERN-PH-EP-2012-218",
      SLACcitation   = "%%CITATION = ARXIV:1207.7214;%%"
}
@article{xsec,
      author         = "Aad, Georges and others",
      title          = "{Measurement of the $t\overline{t}$ production
                        cross-section using $e\mu $ events with $b$ -tagged jets
                        in $pp$ collisions at $\sqrt{s}=7$ and 8 TeV with the
                        ATLAS detector}",
      collaboration  = "ATLAS Collaboration",
      journal        = "Eur.Phys.J.",
      number         = "10",
      volume         = "C74",
      pages          = "3109",
      doi            = "10.1140/epjc/s10052-014-3109-7",
      year           = "2014",
      eprint         = "1406.5375",
      archivePrefix  = "arXiv",
      primaryClass   = "hep-ex",
      reportNumber   = "CERN-PH-EP-2014-124, CERN-EP-2014-124",
      SLACcitation   = "%%CITATION = ARXIV:1406.5375;%%",
}
@techreport{xsecnote,
      author        = "Hawkings, R",
      title         = "{Measurement of the $t\bar{t}$ production cross-section in
                       $pp$ collisions at $\sqrt{s}=$7-8 TeV using $e\mu$ events
                       with $b$-tagged jets}",
      institution   = "CERN",
      address       = "Geneva",
      number        = "ATL-COM-PHYS-2014-017",
      month         = "Jan",
      year          = "2014",
      note          = "Requesting INT approval as corresponding paper
                       TOPQ-2013-04 has been accepted by journal for publication.",
}
@article{Altarelli:1977zs,
      author         = "Altarelli, Guido and Parisi, G.",
      title          = "{Asymptotic Freedom in Parton Language}",
      journal        = "Nucl. Phys.",
      volume         = "B126",
      year           = "1977",
      pages          = "298",
      doi            = "10.1016/0550-3213(77)90384-4",
      reportNumber   = "LPTENS-77-6",
      SLACcitation   = "%%CITATION = NUPHA,B126,298;%%"
}
@article{Chetyrkin:1999ys,
      author         = "Chetyrkin, K. G. and Steinhauser, M.",
      title          = "{Short distance mass of a heavy quark at order
                        $\alpha_s^3$}",
      journal        = "Phys. Rev. Lett.",
      volume         = "83",
      year           = "1999",
      pages          = "4001-4004",
      doi            = "10.1103/PhysRevLett.83.4001",
      eprint         = "hep-ph/9907509",
      archivePrefix  = "arXiv",
      primaryClass   = "hep-ph",
      reportNumber   = "BUTP-99-15, TTP-99-33",
      SLACcitation   = "%%CITATION = HEP-PH/9907509;%%"
}
@techreport{Bell:1470588,
      author        = "Bell, W and Bellagamba, L and Bernard, C and Berta, P and
                       Bilsback, K and Black, K and Childers, T and Di Sipio, R
                       and Dell’Asta, L and Franchini, M and Gabaldon, C and
                       Yamada, M and Kanzaki, J and Kvita, J and Romano, R and
                       Sady, A and Schovancova, J and Spano', F and Spighi, R and
                       Sjolin, J and Talby, M and Tannoury, N and Watson, I",
      title         = "{Measurement of top quark pair differential cross section
                       with ATLAS in pp collisions at sqrt(s)=7 TeV: Measurement
                       of top quark pair differential cross section with ATLAS
                       using 5/fb of data collected in 2011 and the rel.17 version
                       of the Atlas software }",
      institution   = "CERN",
      address       = "Geneva",
      number        = "ATL-COM-PHYS-2012-1137",
      month         = "Jul",
      year          = "2012",
}   SLACcitation  = "%%CITATION = 0802.1189;%%"
}
@article{vanRitbergen:1997va,
      author         = "van Ritbergen, T. and Vermaseren, J. A. M. and Larin, S.
                        A.",
      title          = "{The Four loop beta function in quantum chromodynamics}",
      journal        = "Phys. Lett.",
      volume         = "B400",
      year           = "1997",
      pages          = "379-384",
      doi            = "10.1016/S0370-2693(97)00370-5",
      eprint         = "hep-ph/9701390",
      archivePrefix  = "arXiv",
      primaryClass   = "hep-ph",
      reportNumber   = "UM-TH-97-01, NIKHEF-97-001",
      SLACcitation   = "%%CITATION = HEP-PH/9701390;%%"
}
@article{fastjet,
     author    = "Cacciari, Matteo and Salam, Gavin P.",
     title     = "{Dispelling the $N^{3}$ myth for the $k_t$ jet-finder}",
     journal   = "Phys. Lett.",
     volume    = "B641",
     year      = "2006",
     pages     = "57-61",
     eprint    = "hep-ph/0512210",
     archivePrefix = "arXiv",
     doi       = "10.1016/j.physletb.2006.08.037",
     SLACcitation  = "%%CITATION = HEP-PH/0512210;%%"
}
@article{simul,
     author    = "Aad, Georges and others",
     collaboration = "ATLAS",
     title     = "{The ATLAS Simulation Infrastructure}",
     journal   = "Eur. Phys. J.",
     volume    = "C70",
     year      = "2010",
     pages     = "823-874",
     eprint    = "1005.4568",
     archivePrefix = "arXiv",
     primaryClass  =  "physics.ins-det",
     doi       = "10.1140/epjc/s10052-010-1429-9",
     SLACcitation  = "%%CITATION = 1005.4568;%%"
}
@article{Lange:2001uf,
      author         = "Lange, D. J.",
      title          = "{The EvtGen particle decay simulation package}",
      booktitle      = "{Proceedings, 7th International Conference on B physics
                        at hadron machines (BEAUTY 2000)}",
      journal        = "Nucl. Instrum. Meth.",
      volume         = "A462",
      year           = "2001",
      pages          = "152-155",
      doi            = "10.1016/S0168-9002(01)00089-4",
      SLACcitation   = "%%CITATION = NUIMA,A462,152;%%"
}
@article{Jadach:1993hs,
      author         = "Jadach, S. and Was, Z. and Decker, R. and Kuhn, Johann
                        H.",
      title          = "{The tau decay library TAUOLA: Version 2.4}",
      journal        = "Comput. Phys. Commun.",
      volume         = "76",
      year           = "1993",
      pages          = "361-380",
      doi            = "10.1016/0010-4655(93)90061-G",
      reportNumber   = "CERN-TH-6793-93",
      SLACcitation   = "%%CITATION = CPHCB,76,361;%%"
}
@article{geant,
     author    = "Agostinelli, S. and others",
 collaboration = "GEANT4",
     title     = "{GEANT4: A simulation toolkit}",
     journal   = "Nucl. Instrum. Meth.",
     volume    = "A506",
     year      = "2003",
     pages     = "250-303",
     doi       = "10.1016/S0168-9002(03)01368-8",
     SLACcitation  = "%%CITATION = NUIMA,A506,250;%%"
}
@article{pythia6,
     author    = "Sjostrand, Torbjorn and Mrenna, Stephen and Skands, Peter Z.",
     title     = "{PYTHIA 6.4 Physics and Manual}",
     journal   = "JHEP",
     volume    = "0605",
     year      = "2006",
     pages     = "026",
     eprint    = "hep-ph/0603175",
     archivePrefix = "arXiv",
     doi       = "10.1088/1126-6708/2006/05/026",
     SLACcitation  = "%%CITATION = HEP-PH/0603175;%%"
}
@article{mcatnlo,
      author         = "Frixione, Stefano and Webber, Bryan R.",
      title          = "{Matching NLO QCD computations and parton shower
                        simulations}",
      journal        = "J. High Energy Phys.",
      volume         = "0206",
      pages          = "29",
      doi            = "10.1088/1126-6708/2002/06/029",
      year           = "2002",
      eprint         = "hep-ph/0204244",
      archivePrefix  = "arXiv",
      primaryClass   = "hep-ph",
      reportNumber   = "CAVENDISH-HEP-02-01, LAPTH-905-02, GEF-TH-2-2002",
      SLACcitation   = "%%CITATION = HEP-PH/0204244;%%",
}
@article{mcatnlo2,
      author         = "Frixione, Stefano and others",
      title          = "{Single-top hadroproduction in association with a $W$
                        boson}",
      journal        = "J. High Energy Phys.",
      volume         = "0807",
      pages          = "029",
      doi            = "10.1088/1126-6708/2008/07/029",
      year           = "2008",
      eprint         = "0805.3067",
      archivePrefix  = "arXiv",
      primaryClass   = "hep-ph",
      reportNumber   = "CERN-TH-2008-104, ITP-UU-08-27, NIKHEF-2008-005,
                        ITFA-2008-16, CAVENDISH-HEP-08-06",
      SLACcitation   = "%%CITATION = ARXIV:0805.3067;%%",
}

@article{madgraph,
     author    = "Alwall, Johan and others",
     title     = "{MadGraph/MadEvent v4: The New Web Generation}",
     journal   = "JHEP",
     volume    = "09",
     year      = "2007",
     pages     = "028",
     eprint    = "0706.2334",
     archivePrefix = "arXiv",
     primaryClass  =  "hep-ph",
     doi       = "10.1088/1126-6708/2007/09/028",
     SLACcitation  = "%%CITATION = 0706.2334;%%"
}
@article{Powheg,
      author         = "Frixione, Stefano and Nason, Paolo and Oleari, Carlo",
      title          = "{Matching NLO QCD computations with parton shower
                        simulations: the POWHEG method}",
      journal        = "J. High Energy Phys.",
      volume         = "0711",
      pages          = "70",
      doi            = "10.1088/1126-6708/2007/11/070",
      year           = "2007",
      eprint         = "0709.2092",
      archivePrefix  = "arXiv",
      primaryClass   = "hep-ph",
      reportNumber   = "BICOCCA-FT-07-9, GEF-TH-21-2007",
      SLACcitation   = "%%CITATION = ARXIV:0709.2092;%%",
}

@article{Powheg2,
      author         = "Nason, Paolo",
      title          = "{A New method for combining NLO QCD with shower Monte
                        Carlo algorithms}",
      journal        = "J. High Energy Phys.",
      volume         = "0411",
      pages          = "040",
      doi            = "10.1088/1126-6708/2004/11/040",
      year           = "2004",
      eprint         = "hep-ph/0409146",
      archivePrefix  = "arXiv",
      primaryClass   = "hep-ph",
      reportNumber   = "BICOCCA-FT-04-11",
      SLACcitation   = "%%CITATION = HEP-PH/0409146;%%",
}

@article{Powheg3,
      author         = "Alioli, Simone and others",
      title          = "{A general framework for implementing NLO calculations in
                        shower Monte Carlo programs: the POWHEG BOX}",
      journal        = "J. High Energy Phys.",
      volume         = "1006",
      pages          = "043",
      doi            = "10.1007/JHEP06(2010)043",
      year           = "2010",
      eprint         = "1002.2581",
      archivePrefix  = "arXiv",
      primaryClass   = "hep-ph",
      reportNumber   = "DESY-10-018, SFB-CPP-10-22, IPPP-10-11, DCPT-10-22",
      SLACcitation   = "%%CITATION = ARXIV:1002.2581;%%",
}

@article{Powheg4,
      author         = "Frixione, Stefano and Nason, Paolo and Ridolfi, Giovanni",
      title          = "{A Positive-weight next-to-leading-order Monte Carlo for
                        heavy flavour hadroproduction}",
      journal        = "J. High Energy Phys.",
      volume         = "0709",
      pages          = "126",
      doi            = "10.1088/1126-6708/2007/09/126",
      year           = "2007",
      eprint         = "0707.3088",
      archivePrefix  = "arXiv",
      primaryClass   = "hep-ph",
      reportNumber   = "BICOCCA-FT-07-12, GEF-TH-19-2007",
      SLACcitation   = "%%CITATION = ARXIV:0707.3088;%%",
}
@article{perugia,
      author         = "Skands, Peter Zeiler",
      title          = "{Tuning Monte Carlo Generators: The Perugia Tunes}",
      journal        = "Phys.Rev.",
      volume         = "D82",
      pages          = "074018",
      doi            = "10.1103/PhysRevD.82.074018",
      year           = "2010",
      eprint         = "1005.3457",
      archivePrefix  = "arXiv",
      primaryClass   = "hep-ph",
      reportNumber   = "MCNET-10-08, CERN-PH-TH-2010-113",
      SLACcitation   = "%%CITATION = ARXIV:1005.3457;%%",
}

@inproceedings{Buckley:2009vk,
      author         = "Buckley, Andy and Hoeth, Hendrik and Lacker, Heiko and
                        Schulz, Holger and von Seggern, Eike",
      title          = "{Monte Carlo tuning and generator validation}",
      booktitle      = "{Proceedings, 1st International Workshop on Multiple
                        Partonic Interactions at the LHC (MPI08)}",
      url            = "https://inspirehep.net/record/821776/files/arXiv:0906.0075.pdf",
      year           = "2009",
      pages          = "267-283",
      eprint         = "0906.0075",
      archivePrefix  = "arXiv",
      primaryClass   = "hep-ph",
      reportNumber   = "MCNET-09-12",
      SLACcitation   = "%%CITATION = ARXIV:0906.0075;%%"
}
@article{Herwig,
      author         = "Corcella, G. and others",
      title          = "{HERWIG 6.5 release note}",
      year           = "2002",
      eprint         = "hep-ph/0210213",
      archivePrefix  = "arXiv",
      primaryClass   = "hep-ph",
      reportNumber   = "CAVENDISH-HEP-02-17, DAMTP-2002-124, KEK-TH-850,
                        MPI-PHT-2002-55, CERN-TH-2002-270, IPPP-02-58,
                        MC-TH-2002-7",
      SLACcitation   = "%%CITATION = HEP-PH/0210213;%%",
}


@article{Herwig1,
      author         = "Marchesini, G. and others",
      title          = "{HERWIG: A Monte Carlo event generator for simulating
                        hadron emission reactions with interfering gluons}",
      journal        = "Comput. Phys. Commun.",
      volume         = "67",
      pages          = "465-508",
      doi            = "10.1016/0010-4655(92)90055-4",
      year           = "1992",
      reportNumber   = "CAVENDISH-HEP-91-26, DESY-91-048",
      SLACcitation   = "%%CITATION = CPHCB,67,465;%%",
}

@article{Herwig2,
      author         = "Corcella, G. and others",
      title          = "{HERWIG 6: An Event generator for hadron emission
                        reactions with interfering gluons (including
                        supersymmetric processes)}",
      journal        = "J. High Energy Phys.",
      volume         = "0101",
      pages          = "10",
      doi            = "10.1088/1126-6708/2001/01/010",
      year           = "2001",
      eprint         = "hep-ph/0011363",
      archivePrefix  = "arXiv",
      primaryClass   = "hep-ph",
      reportNumber   = "CAVENDISH-HEP-99-03, CERN-TH-2000-284, RAL-TR-2000-048",
      SLACcitation   = "%%CITATION = HEP-PH/0011363;%%",
}
@article{cttenpdf,
      author         = "Lai, Hung-Liang and Guzzi, Marco and Huston, Joey and Li,
                        Zhao and Nadolsky, Pavel M. and others",
      title          = "{New parton distributions for collider physics}",
      journal        = "Phys.Rev.",
      volume         = "D82",
      pages          = "074024",
      doi            = "10.1103/PhysRevD.82.074024",
      year           = "2010",
      eprint         = "1007.2241",
      archivePrefix  = "arXiv",
      primaryClass   = "hep-ph",
      reportNumber   = "MSUHEP-100707, SMU-HEP-10-10",
      SLACcitation   = "%%CITATION = ARXIV:1007.2241;%%",
}
@article{jimmy,
      author         = "Butterworth, J.M. and Forshaw, Jeffrey R. and Seymour,
                        M.H.",
      title          = "{Multiparton interactions in photoproduction at HERA}",
      journal        = "Z.Phys.",
      volume         = "C72",
      pages          = "637-646",
      doi            = "10.1007/s002880050286",
      year           = "1996",
      eprint         = "hep-ph/9601371",
      archivePrefix  = "arXiv",
      primaryClass   = "hep-ph",
      reportNumber   = "CERN-TH-96-82, M-C-TH-96-05, UCL-HEP-96-02",
      SLACcitation   = "%%CITATION = HEP-PH/9601371;%%",
}
@article{alpgen,
      author         = "Mangano, Michelangelo L. and Moretti, Mauro and
                        Piccinini, Fulvio and Pittau, Roberto and Polosa, Antonio
                        D.",
      title          = "{ALPGEN, a generator for hard multiparton processes in
                        hadronic collisions}",
      journal        = "JHEP",
      volume         = "0307",
      pages          = "001",
      doi            = "10.1088/1126-6708/2003/07/001",
      year           = "2003",
      eprint         = "hep-ph/0206293",
      archivePrefix  = "arXiv",
      primaryClass   = "hep-ph",
      reportNumber   = "CERN-TH-2002-129, FTN-T-2002-06",
      SLACcitation   = "%%CITATION = HEP-PH/0206293;%%",
}
@article{acer,
      author         = "Kersevan, Borut Paul and Richter-Was, Elzbieta",
      title          = "{The Monte Carlo event generator AcerMC versions 2.0 to
                        3.8 with interfaces to PYTHIA 6.4, HERWIG 6.5 and ARIADNE
                        4.1}",
      journal        = "Comput. Phys. Commun.",
      volume         = "184",
      pages          = "919",
      doi            = "10.1016/j.cpc.2012.10.032",
      year           = "2013",
      eprint         = "hep-ph/0405247",
      archivePrefix  = "arXiv",
      primaryClass   = "hep-ph",
      reportNumber   = "TPJU-6-2004",
      SLACcitation   = "%%CITATION = HEP-PH/0405247;%%",
}
@article{detector,
      author         = "{ATLAS Collaboration}",
      title          = "{The ATLAS experiment at the CERN Large Hadron Collider}",
      journal        = "JINST",
      volume         = "3",
      pages          = "S08003",
      url            = "http://stacks.iop.org/1748-0221/3/i=08/a=S08003",
      year           = "2008",
}
@article{eleRef,
      author         = "{ATLAS Collaboration}",
      title          = "{Electron reconstruction and identification efficiency
                        measurements with the ATLAS detector using the 2011 LHC
                        proton-proton collision data}",
      journal        = "Eur. Phys. J.",
      volume         = "C74",
      pages          = "2941",
      doi            = "10.1140/epjc/s10052-014-2941-0",
      year           = "2014",
      eprint         = "1404.2240",
      archivePrefix  = "arXiv",
      primaryClass   = "hep-ex",
      reportNumber   = "CERN-PH-EP-2014-040",
      SLACcitation   = "%%CITATION = ARXIV:1404.2240;%%",
}
@misc{topsys,
  title="{Systematics affecting Top MC for 8 TeV 2012 analyses}",
  url="{https://twiki.cern.ch/twiki/bin/view/AtlasProtected/TopSystematics2012}"
}
@misc{toppdf,
  title="{TopPdfUncertainty}",
  url="{https://twiki.cern.ch/twiki/bin/viewauth/AtlasProtected/TopPdfUncertainty}"
}
@article{muonRef1,
      author         = "{ATLAS Collaboration}",
      title          = "{Muon reconstruction efficiency and momentum resolution
                        of the ATLAS experiment in proton-proton collisions at
                        $\sqrt{s}$=7 TeV in 2010}",
      year           = "2014",
      eprint         = "1404.4562",
      archivePrefix  = "arXiv",
      primaryClass   = "hep-ex",
      reportNumber   = "CERN-PH-EP-2013-154",
      SLACcitation   = "%%CITATION = .ARXIV:1404.4562;%%",
      note           = "Accepted for publication in \emph{Eur. Phys. J.} C",
}

@article{muonRef2,
      author         = "{ATLAS Collaboration}",
      title          = "{Measurement of the muon reconstruction performance of
                        the ATLAS detector using 2011 and 2012 LHC proton-proton
                        collision data}",
      year           = "2014",
      eprint         = "1407.3935",
      archivePrefix  = "arXiv",
      primaryClass   = "hep-ex",
      reportNumber   = "CERN-PH-EP-2014-151",
      SLACcitation   = "%%CITATION = ARXIV:1407.3935;%%",
      note           = "Submitted to \emph{Eur. Phys. J.} C",
}


@article{antikt1,
      author         = "Cacciari, Matteo and Salam, Gavin P. and Soyez, Gregory",
      title          = "{The anti-$k_t$ jet clustering algorithm}",
      journal        = "J. High Energy Phys.",
      volume         = "0804",
      pages          = "63",
      doi            = "10.1088/1126-6708/2008/04/063",
      year           = "2008",
      eprint         = "0802.1189",
      archivePrefix  = "arXiv",
      primaryClass   = "hep-ph",
      reportNumber   = "LPTHE-07-03",
      SLACcitation   = "%%CITATION = ARXIV:0802.1189;%%",
}

@article{antikt2,
      author         = "Cacciari, Matteo and Salam, Gavin P.",
      title          = "{Dispelling the $N^{3}$ myth for the $k_t$ jet-finder}",
      journal        = "Phys. Lett.",
      volume         = "B641",
      pages          = "57",
      doi            = "10.1016/j.physletb.2006.08.037",
      year           = "2006",
      eprint         = "hep-ph/0512210",
      archivePrefix  = "arXiv",
      primaryClass   = "hep-ph",
      reportNumber   = "LPTHE-05-32",
      SLACcitation   = "%%CITATION = HEP-PH/0512210;%%",
}

@article{antikt3,
      author         = "Cacciari, Matteo and Salam, Gavin P. and Soyez, Gregory",
      title          = "{FastJet user manual}",
      journal        = "Eur. Phys. J.",
      volume         = "C72",
      pages          = "1896",
      doi            = "10.1140/epjc/s10052-012-1896-2",
      year           = "2012",
      eprint         = "1111.6097",
      archivePrefix  = "arXiv",
      primaryClass   = "hep-ph",
      reportNumber   = "CERN-PH-TH-2011-297",
      SLACcitation   = "%%CITATION = ARXIV:1111.6097;%%",
}

@article{ljets,
      author         = "Aad, Georges and others",
      title          = "{Measurement of the $ t\overline{t} $ production
                        cross-section as a function of jet multiplicity and jet
                        transverse momentum in 7 TeV proton-proton collisions with
                        the ATLAS detector}",
      collaboration  = "ATLAS Collaboration",
      journal        = "JHEP",
      volume         = "1501",
      pages          = "020",
      doi            = "10.1007/JHEP01(2015)020",
      year           = "2015",
      eprint         = "1407.0891",
      archivePrefix  = "arXiv",
      primaryClass   = "hep-ex",
      reportNumber   = "CERN-PH-EP-2014-114",
      SLACcitation   = "%%CITATION = ARXIV:1407.0891;%%",
}

@article{HadCal,
      author         = "{ATLAS Collaboration}",
      title          = "{Local hadronic calibration}",
      year           = "2009",
      journal        = "{\rm ATL-LARG-PUB-2009-001, \texttt \color{blue} http://cds.cern.ch/record/1112035}",
      SLACcitation   = "%%CITATION = ATL-LARG-PUB-2009-001-2 ETC.;%%",
}

@booklet{hdamp,
      author         = "{ATLAS Collaboration}",
      title          = "{Comparison of Monte Carlo generator predictions for gap fraction and jet multiplicity observables in top-antitop events}",
      howpublished="{ATL-PHYS-PUB-2014-005}",
      url="{https://cdsweb.cern.ch/record/1570994}"
  }

@article{JES,
      author         = "{ATLAS Collaboration}",
      title          = "{Jet energy measurement and its systematic uncertainty in
                        proton-proton collisions at $\sqrt{s}=7$ TeV with the
                        ATLAS detector}",
      year           = "2014",
      eprint         = "1406.0076",
      archivePrefix  = "arXiv",
      primaryClass   = "hep-ex",
      reportNumber   = "CERN-PH-EP-2013-222",
      SLACcitation   = "%%CITATION = ARXIV:1406.0076;%%",
      note           = "Submitted to \emph{Eur.Phys.J.} C",
}

@article{BTAG,
      author         = "{ATLAS Collaboration}",
      year           = "2011",
      title          = "{Commissioning of the ATLAS high-performance $b$-tagging algorithms in 7~TeV collision data}",
      journal        = "{\rm ATLAS-CONF-2011-102, \texttt \color{blue}  http://cds.cern.ch/record/1369219}",
}

@article{btag1,
      author         = "{ATLAS Collaboration}",
      year           = "2014",
      title          = "{Calibration of $b$-tagging using dileptonic top pair events in a combinatorial likelihood approach with the ATLAS experiment}",
      journal        = "{\rm ATLAS-CONF-2014-004, \texttt \color{blue} http://cds.cern.ch/record/1664335}",
}

@article{btag2,
      author         = "{ATLAS Collaboration}",
      year           = "2012",
      title          = "{$b$-jet tagging calibration on $c$-jets containing $D^{*+}$ mesons}",
      journal        = "{\rm ATLAS-CONF-2012-039, \texttt \color{blue} http://cds.cern.ch/record/1435193}",
}

@article{BTAG_NEW,
      author         = "{ATLAS Collaboration}",
      year           = "2014",
      title          = "{Calibration of the performance of $b$-tagging for $c$ and light-flavour jets in the 2012 ATLAS data}",
      journal        = "{\rm ATLAS-CONF-2014-046, \texttt \color{blue} http://cds.cern.ch/record/1741020}",
}

@article{Lumi,
      author         = "{ATLAS Collaboration}",
      title          = "{Improved luminosity determination in $pp$ collisions at
                        $\sqrt{s}$ = 7 TeV using the ATLAS detector at the LHC}",
      journal        = "Eur. Phys. J.",
      volume         = "C73",
      pages          = "2518",
      doi            = "10.1140/epjc/s10052-013-2518-3",
      year           = "2013",
      eprint         = "1302.4393",
      archivePrefix  = "arXiv",
      primaryClass   = "hep-ex",
      reportNumber   = "CERN-PH-EP-2013-026",
      SLACcitation   = "%%CITATION = ARXIV:1302.4393;%%",
}
@article{AFII,
      author         = "Wolfgang Lukas",
      title          = "{Fast simulation for ATLAS: Atlfast-II and ISF}",
      journal        = "J. Phys. Conf. Ser.",
      volume         = "396",
      pages          = "022031",
      year           = "2012",
}

@article{AFII_new,
      author         = "{ATLAS Collaboration}",
      title          = "{The simulation principle and performance of the ATLAS fast calorimeter
                         simulation FastCaloSim}",
      year           = "2010",
      journal        = "{\rm ATL-PHYS-PUB-2010-013, \texttt \color{blue} http://cdsweb.cern.ch/record/1300517}",
      SLACcitation   = "%%CITATION = ATL-LARG-PUB-2009-001-2 ETC.;%%",
}



@article{FullSim,
      author         = "{ATLAS Collaboration}",
      title          = "{The ATLAS simulation infrastructure}",
      journal        = "Eur. Phys. J.",
      volume         = "C70",
      pages          = "823",
      doi            = "10.1140/epjc/s10052-010-1429-9",
      year           = "2010",
      eprint         = "1005.4568",
      archivePrefix  = "arXiv",
      primaryClass   = "physics.ins-det",
      SLACcitation   = "%%CITATION = ARXIV:1005.4568;%%",
}
@article{CTEQ,
      author         = "Pumplin, J. and others",
      title          = "{New generation of parton distributions with
                        uncertainties from global QCD analysis}",
      journal        = "J. High Energy Phys.",
      volume         = "0207",
      pages          = "12",
      doi            = "10.1088/1126-6708/2002/07/012",
      year           = "2002",
      eprint         = "hep-ph/0201195",
      archivePrefix  = "arXiv",
      primaryClass   = "hep-ph",
      reportNumber   = "MSU-HEP-011101",
      SLACcitation   = "%%CITATION = HEP-PH/0201195;%%",
}
@article{CT10,
      author         = "Lai, Hung-Liang and others",
      title          = "{New parton distributions for collider physics}",
      journal        = "Phys. Rev.",
      volume         = "D82",
      pages          = "74024",
      doi            = "10.1103/PhysRevD.82.074024",
      year           = "2010",
      eprint         = "1007.2241",
      archivePrefix  = "arXiv",
      primaryClass   = "hep-ph",
      reportNumber   = "MSUHEP-100707, SMU-HEP-10-10",
      SLACcitation   = "%%CITATION = ARXIV:1007.2241;%%",
}

@Booklet{btagptrel,
author="{ATLAS Collaboration}",
title="{Measurement of the $b$-tag efficiency in a sample of jets containing muons with 5\ifb of data from the ATLAS detector}",
howpublished="{ATLAS-COM-2012-043}",
url="{https://cdsweb.cern.ch/record/1435197}"
}

@Booklet{btagsys8,
author="{ATLAS Collaboration}",
title="{Measurement of the b-tag Efficiency in a Sample of Jets Containing Muons with 5\ifb Data from the ATLAS Detector}",
howpublished="{ATLAS-CONF-2012-043}",
url="{https://cdsweb.cern.ch/record/1435197}"
}


@Booklet{atlaswt,
author="{ATLAS Collaboration}",
title="{Measurement of the cross-section for associated production of a top quark and a $W$ boson at $\sqrt{s}$=7 TeV with the ATLAS detector}",
howpublished="{ATLAS-CONF-2013-100}",
url="{https://cdsweb.cern.ch/record/1600799}"
}
@Booklet{topreco,
author="{ATLAS Collaboration}",
title="{Object selection and calibration, backgroundestimations and MC samples for top quark analyses using the full 2012 dataset}",
howpublished="{ATLAS-CONF-2013-1016}",
url="{https://cdsweb.cern.ch/record/1563201}"
}
@misc{topeventchallenge,
title="{ATLAS Top Event Challenges}",
url="{https://twiki.cern.ch/twiki/bin/view/AtlasProtected/TopEventChallenges}"
}
@misc{topmc,
title="{ATLAS Top Monte Carlo samples}",
url="{https://twiki.cern.ch/twiki/bin/viewauth/AtlasProtected/TopMC12}"
}
@misc{topdpd,
title="{ATLAS TopDPD production }",
url="{https://twiki.cern.ch/twiki/bin/viewauth/AtlasProtected/TopD3PDProduction}"
}
@misc{topcommon,
title="{ATLAS top group MC12 and MC11 common conventions:}",
url="{https://twiki.cern.ch/twiki/bin/viewauth/AtlasProtected/TopCommonParametersMC12}"
}
@misc{hfor,
title="{Heavy flavour overlap removal procedure}",
url="{https://twiki.cern.ch/twiki/bin/view/AtlasProtected/HforTool}"
}
@misc{trc,
title="{ATLAS TopRootCore analysis framework }",
url="{https://twiki.cern.ch/twiki/bin/viewauth/AtlasProtected/TopRootCore}"
}
@Booklet{jetcleaning,
author="{ATLAS Collaboration}",
title="{Selection of jets produced in proton-protoncollisions with the ATLAS detector using 2011 data}",
howpublished="{ATLAS-CONF-2012-020}",
url="{https://cdsweb.cern.ch/record/1430034}"
}
@Booklet{jetpile,
author="{ATLAS Collaboration}",
title="{Pileup subtraction and suppression for jets in ATLAS}",
howpublished="{ATLAS-CONF-2013-083}",
url="{https://cdsweb.cern.ch/record/1570994}"
}
@Booklet{lhcenergy,
author="{J.~Wenninger}",
title="{Energy Calibration of the LHC Beams at 4 TeV }",
howpublished="{CERN-ATS-2013-40}",
url="{https://cds.cern.ch/record/1546734}"
}
@article{cmswt,
      author         = "Chatrchyan, Serguei and others",
      title          = "{Observation of the associated production of a single top
                        quark and a $W$ boson in $pp$ collisions at $\sqrt s = $8
                        TeV}",
      collaboration  = "CMS Collaboration",
      journal        = "Phys.Rev.Lett.",
      number         = "23",
      volume         = "112",
      pages          = "231802",
      doi            = "10.1103/PhysRevLett.112.231802",
      year           = "2014",
      eprint         = "1401.2942",
      archivePrefix  = "arXiv",
      primaryClass   = "hep-ex",
      reportNumber   = "CMS-TOP-12-040, CERN-PH-EP-2013-237",
      SLACcitation   = "%%CITATION = ARXIV:1401.2942;%%",
}
@Booklet{ttjetint,
author="{ATLAS Collaboration}",
title="{Measurement of the jetmultiplicity in top-antitop final states produced in 7\,TeV proton-protoncollisions}",
howpublished="{ATLAS-CONF-2011-1738}",
url="{https://cdsweb.cern.ch/record/1409478}"
}
@misc{eisotool,
title="{Electron isolation tool from ATLAS} 
{\texttt egammaAnalysisUtils} package."
}
@Booklet{btagmiscal,
author="{ATLAS Collaboration}",
title="{Measurement of the Mistag Rate of $b$-tagging algorithms with 5\,\ifb\ of Data collected by the ATLAS Detector}",
howpublished="{ATLAS-CONF-2012-040}",
url="{https://cdsweb.cern.ch/record/1435194}"
}
@misc{mureweight,
title="{Pileup rescaling information}",
url="{https://twiki.cern.ch/twiki/bin/viewauth/AtlasProtected/InDetTrackingPerformanceGuidelines}"
}
@misc{grl,
title="{The 2012 data selection used the good run list:
{\texttt data12\_8TeV.periodAllYear\_DetStatus\-v61-pro14-02\_DQDefects\--00-01-00\_PHYS\_StandardGRL\_All\_Good.xml}}"
}
@Booklet{elecidsup,
author="{ATLAS Collaboration}",
title="{Supporting document on electronperformance measurements using the 2011 LHC proton-proton collisions}",
howpublished="{ATLAS-CONF-2012-1023}",
url="{https://cdsweb.cern.ch/record/1461217}"
}
@article{elecperf,
      author         = "Aad, Georges and others",
      title          = "{Electron performance measurements with the ATLAS
                        detector using the 2010 LHC proton-proton collision data}",
      collaboration  = "ATLAS Collaboration",
      journal        = "Eur.Phys.J.",
      volume         = "C72",
      pages          = "1909",
      doi            = "10.1140/epjc/s10052-012-1909-1",
      year           = "2012",
      eprint         = "1110.3174",
      archivePrefix  = "arXiv",
      primaryClass   = "hep-ex",
      reportNumber   = "CERN-PH-EP-2011-117",
      SLACcitation   = "%%CITATION = ARXIV:1110.3174;%%",
}
@Booklet{rhbtag,
author="{ATLAS Collaboration}",
title="{s=8$\,TeV using $e\mu$ dilepton\ttbar\ events}",
howpublished="{ATLAS-CONF-2013-381}",
url="{https://cdsweb.cern.ch/record/1537694}"
}

@Booklet{auet,
author="{ATLAS Collaboration}",
title="{New ATLAS event generator tunes to 2010 data}",
howpublished="{ATLAS-PUB-2011-008}",
url="{https://cdsweb.cern.ch/record/1345343}"
}
@Booklet{jesxi,
author="{ATLAS Collaboration}",
title="{Jet energy scale and its systematic uncertainty in
proton-proton collisions at $\sqrt{s}=7$\,TeV with ATLAS 2011 data}",
howpublished="{ATLAS-COM-2013-004}",
url="{https://cdsweb.cern.ch/record/1509552}"
}
@Booklet{btagcom,
author="{ATLAS Collaboration}",
title="{Commissioning of the ATLAS high-performance
$b$-tagging algorithms in the 7\,TeV collision data}",
howpublished="{ATLAS-COM-2011-102}",
url="{https://cdsweb.cern.ch/record/1369219}"
}

@article{roounfold,
      author         = "Adye, Tim",
      title          = "{Unfolding algorithms and tests using RooUnfold}",
      pages          = "313-318",
      year           = "2011",
      eprint         = "1105.1160",
      archivePrefix  = "arXiv",
      primaryClass   = "physics.data-an",
      SLACcitation   = "%%CITATION = ARXIV:1105.1160;%%",
}
@article{svd,
      author         = "Hocker, Andreas and Kartvelishvili, Vakhtang",
      title          = "{SVD approach to data unfolding}",
      journal        = "Nucl.Instrum.Meth.",
      volume         = "A372",
      pages          = "469-481",
      doi            = "10.1016/0168-9002(95)01478-0",
      year           = "1996",
      eprint         = "hep-ph/9509307",
      archivePrefix  = "arXiv",
      primaryClass   = "hep-ph",
      reportNumber   = "M-C-TH-95-15, LAL-95-55",
      SLACcitation   = "%%CITATION = HEP-PH/9509307;%%",
}
@article{pythia8,
      author         = "Sjostrand, Torbjorn and Mrenna, Stephen and Skands, Peter
                        Z.",
      title          = "{A Brief Introduction to PYTHIA 8.1}",
      journal        = "Comput.Phys.Commun.",
      volume         = "178",
      pages          = "852-867",
      doi            = "10.1016/j.cpc.2008.01.036",
      year           = "2008",
      eprint         = "0710.3820",
      archivePrefix  = "arXiv",
      primaryClass   = "hep-ph",
      reportNumber   = "CERN-LCGAPP-2007-04, LU-TP-07-28,
                        FERMILAB-PUB-07-512-CD-T",
      SLACcitation   = "%%CITATION = ARXIV:0710.3820;%%",
}
@article{DPS,
      author         = "d'Enterria, David and Snigirev, Alexander M.",
      title          = "{Double-parton scattering cross sections in
                        proton-nucleus and nucleus-nucleus collisions at the LHC}",
      year           = "2014",
      eprint         = "1403.2335",
      archivePrefix  = "arXiv",
      primaryClass   = "hep-ph",
      SLACcitation   = "%%CITATION = ARXIV:1403.2335;%%",
}
@article{Jpsi,
      author         = "Aad, Georges and others",
      title          = "{Measurement of the production cross section of prompt
                        $J/\psi$ mesons in association with a $W^\pm$ boson in
                        $pp$ collisions at $\sqrt{s} =$ 7 TeV with the ATLAS
                        detector}",
      collaboration  = "ATLAS Collaboration",
      journal        = "JHEP",
      volume         = "1404",
      pages          = "172",
      doi            = "10.1007/JHEP04(2014)172",
      year           = "2014",
      eprint         = "1401.2831",
      archivePrefix  = "arXiv",
      primaryClass   = "hep-ex",
      reportNumber   = "CERN-PH-EP-2013-184",
      SLACcitation   = "%%CITATION = ARXIV:1401.2831;%%",
}

@Misc{sherpaevent,
     author  = "H{\"o}che, Stefan",
     title = "{Developments in Sherpa and BlackHat}",
    year      = "2014",
    howpublished   ="{http://indico.cern.ch/event/296900/session/9/contribution/13/material/slides/0.pdf}" 
}
@article{Atkin:2015msa,
      author         = "Atkin, Ryan",
      title          = "{Review of jet reconstruction algorithms}",
      booktitle      = "{Proceedings, Workshop on High Energy Particle Physics
                        (HEPPW2015)}",
      journal        = "J. Phys. Conf. Ser.",
      volume         = "645",
      year           = "2015",
      number         = "1",
      pages          = "012008",
      doi            = "10.1088/1742-6596/645/1/012008",
      SLACcitation   = "%%CITATION = 00462,645,012008;%%"
}
@article{Chatrchyan:2014gma,
      author         = "Chatrchyan, Serguei and others",
      title          = "{Measurement of jet multiplicity distributions in
                        $\mathrm {t}\overline{\mathrm {t}}$ production in pp
                        collisions at $\sqrt{s} = 7\,\text {TeV} $}",
      collaboration  = "CMS Collaboration",
      journal        = "Eur.Phys.J.",
      number         = "8",
      volume         = "C74",
      pages          = "3014",
      doi            = "10.1140/epjc/s10052-014-3014-0",
      year           = "2014",
      eprint         = "1404.3171",
      archivePrefix  = "arXiv",
      primaryClass   = "hep-ex",
      reportNumber   = "CMS-TOP-12-018, CERN-PH-EP-2014-048",
      SLACcitation   = "%%CITATION = ARXIV:1404.3171;%%",
}


@article{bib:g4,
     author    = "{GEANT4 Collaboration (S. Agostinelli et al.)}",
     title     = "GEANT4: A simulation toolkit",
     journal   = "Nucl. Instr. Meth.",
     volume    = "A506",
     year      = "2003",
     pages     = "250-303",
}

@article{atlfast2,
	 author   = "{ATLAS CollaborationThe simulation principle and performance of the atlas fast calorimeter simulation fastcalo.ATL-PHYS-PUB-2010-013}",
	 title    = "The simulation principle and performance of the atlas fast calorimeter simulation fastcalosim",
	 reportNumber  = "ATL-PHYS-PUB-2010-013 (2010)",
         journal   = " ",
     volume    = " ",
     year      = "2010",
     pages     = " ",

}

@article{Frixione:2008yi,
      author         = "Frixione, Stefano and Laenen, Eric and Motylinski,
                        Patrick and Webber, Bryan R. and White, Chris D.",
      title          = "{Single-top hadroproduction in association with a W
                        boson}",
      journal        = "JHEP",
      volume         = "0807",
      pages          = "029",
      doi            = "10.1088/1126-6708/2008/07/029",
      year           = "2008",
      eprint         = "0805.3067",
      archivePrefix  = "arXiv",
      primaryClass   = "hep-ph",
      reportNumber   = "CERN-TH-2008-104, ITP-UU-08-27, NIKHEF-2008-005,
                        ITFA-2008-16, CAVENDISH-HEP-08-06",
      SLACcitation   = "%%CITATION = ARXIV:0805.3067;%%",
}

@article{Alwall:2011uj,
      author         = "Alwall, Johan and Herquet, Michel and Maltoni, Fabio and
                        Mattelaer, Olivier and Stelzer, Tim",
      title          = "{MadGraph 5 : Going Beyond}",
      journal        = "JHEP",
      volume         = "1106",
      pages          = "128",
      doi            = "10.1007/JHEP06(2011)128",
      year           = "2011",
      eprint         = "1106.0522",
      archivePrefix  = "arXiv",
      primaryClass   = "hep-ph",
      reportNumber   = "FERMILAB-PUB-11-448-T",
      SLACcitation   = "%%CITATION = ARXIV:1106.0522;%%",
}


@article{Mangano:2002ea,
      author         = "Mangano, Michelangelo L. and Moretti, Mauro and
                        Piccinini, Fulvio and Pittau, Roberto and Polosa, Antonio
                        D.",
      title          = "{ALPGEN, a generator for hard multiparton processes in
                        hadronic collisions}",
      journal        = "JHEP",
      volume         = "0307",
      pages          = "001",
      doi            = "10.1088/1126-6708/2003/07/001",
      year           = "2003",
      eprint         = "hep-ph/0206293",
      archivePrefix  = "arXiv",
      primaryClass   = "hep-ph",
      reportNumber   = "CERN-TH-2002-129, FTN-T-2002-06",
      SLACcitation   = "%%CITATION = HEP-PH/0206293;%%",
}
@article{mstw,
      author         = "Martin, A. D. and Stirling, W. J. and Thorne, R. S. and
                        Watt, G.",
      title          = "{Parton distributions for the LHC}",
      journal        = "Eur. Phys. J.",
      volume         = "C63",
      year           = "2009",
      pages          = "189-285",
      doi            = "10.1140/epjc/s10052-009-1072-5",
      eprint         = "0901.0002",
      archivePrefix  = "arXiv",
      primaryClass   = "hep-ph",
      reportNumber   = "IPPP-08-95, DCPT-08-190, CAVENDISH-HEP-08-16",
      SLACcitation   = "%%CITATION = ARXIV:0901.0002;%%"
}
